@Misc{
foxyreq,
title={Installing {ROS 2} on {U}buntu {L}inux},
 url={https://docs.ros.org/en/foxy/Installation/Ubuntu-Install-Binary.htmll},
},
@Misc{
foxyinstall,
title={OpenMANIPULATOR-X},
 url={https://emanual.robotis.com/docs/en/platform/openmanipulator_x/quick_start_guide/#install-ros-on-pc},
}