@online{foxyreq,
author = {ROS},
title={Installing {ROS 2} on {U}buntu {L}inux},
 url={https://docs.ros.org/en/foxy/Installation/Ubuntu-Install-Binary.htmll},
 urldate =      {2021-11-03}
}

@online{
foxyinstall,
author = {Robotis},
title={OpenMANIPULATOR-X},
 url={https://emanual.robotis.com/docs/en/platform/openmanipulator_x/quick_start_guide/#install-ros-on-pc},
 urldate =      {2021-11-03}
}

@inproceedings{popf,
author = {Coles, Amanda and Coles, Andrew and Fox, Maria and Long, Derek},
year = {2010},
month = {01},
pages = {42-49},
title = {Forward-Chaining Partial-Order Planning},
journal = {ICAPS 2010 - Proceedings of the 20th International Conference on Automated Planning and Scheduling}
}
@article{plansys,
  author    = {Francisco Mart{\'{i}}n and
               Jonatan Gin{\'{e}}s and
               Vicente Matell{\'{a}}n and
               Francisco J. Rodriguez},
  title     = {PlanSys2: {A} Planning System Framework for {ROS2}},
  journal   = {CoRR},
  volume    = {abs/2107.00376},
  year      = {2021},
  url       = {https://arxiv.org/abs/2107.00376},
  eprinttype = {arXiv},
  eprint    = {2107.00376},
  timestamp = {Wed, 07 Jul 2021 15:23:11 +0200},
  biburl    = {https://dblp.org/rec/journals/corr/abs-2107-00376.bib},
  bibsource = {dblp computer science bibliography, https://dblp.org}
}

@article{clemen1989combining,
  title={Combining forecasts: A review and annotated bibliography},
  author={Clemen, Robert T},
  journal={International journal of forecasting},
  volume={5},
  number={4},
  pages={559--583},
  year={1989},
  publisher={Elsevier}
}


@article{baumol1958warehouse,
  title={A warehouse-location problem},
  author={Baumol, William J and Wolfe, Philip},
  journal={Operations Research},
  volume={6},
  number={2},
  pages={252--263},
  year={1958},
  publisher={INFORMS}
}


@online{shiny1,
	author =       {RStudio},
	title =        {Welcome to Shiny},
	    date = {2017-01-01},
	url =  {https://shiny.rstudio.com/tutorial/written-tutorial/lesson1/},
	urldate =      {2017-10-20}
}

@inproceedings{he2017mask,
  title={Mask r-cnn},
  author={He, Kaiming and Gkioxari, Georgia and Doll{\'a}r, Piotr and Girshick, Ross},
  booktitle={Proceedings of the IEEE international conference on computer vision},
  pages={2961--2969},
  year={2017}
}

@book{chollet2018deep,
  title={Deep Learning mit Python und Keras: Das Praxis-Handbuch vom Entwickler der Keras-Bibliothek},
  author={Chollet, Francois},
  year={2018},
  publisher={MITP-Verlags GmbH \& Co. KG}
}
